<?xml version="1.0" encoding="UTF-8"?><collection xmlns="http://www.loc.gov/MARC21/slim"><record><leader>00538nam--2200169-u-4500</leader><controlfield tag="001">000054771</controlfield><controlfield tag="002">20161230</controlfield><controlfield tag="005">20161230201051</controlfield><controlfield tag="008">120607s1000------------r-----000-0-eng-d</controlfield><datafield ind1=" " ind2=" " tag="040"><subfield code="a">IFIN-HH</subfield></datafield><datafield ind1=" " ind2=" " tag="080"><subfield code="a">539.17</subfield></datafield><datafield ind1="1" ind2=" " tag="100"><subfield code="a">Gautschi, Aldo</subfield></datafield><datafield ind1="1" ind2="0" tag="245"><subfield code="a">Mesure du parametre beta dans la desinteragtion lambda - p+pi, un test de l'invariance au renversement du temps des interactions faibles</subfield><subfield code="b">These</subfield><subfield code="c">Aldo gautschi</subfield></datafield><datafield ind1=" " ind2=" " tag="260"><subfield code="a">Geneve</subfield><subfield code="b">Ecole De Physique</subfield><subfield code="c">1970</subfield></datafield><datafield ind1=" " ind2=" " tag="300"><subfield code="a">77P</subfield></datafield><datafield ind1=" " ind2=" " tag="852"><subfield code="a">35602</subfield><subfield code="c">539.17</subfield></datafield><datafield ind1=" " ind2=" " tag="CAT"><subfield code="a">Sys</subfield><subfield code="c">20120607</subfield><subfield code="h">151420</subfield></datafield></record></collection>